@book {PeresMortersBook,
    AUTHOR = {M\"orters, Peter and Peres, Yuval},
     TITLE = {Brownian motion},
    SERIES = {Cambridge Series in Statistical and Probabilistic Mathematics},
    VOLUME = {30},
      NOTE = {With an appendix by Oded Schramm and Wendelin Werner},
 PUBLISHER = {Cambridge University Press, Cambridge},
      YEAR = {2010},
     PAGES = {xii+403},
      ISBN = {978-0-521-76018-8},
   MRCLASS = {60J65 (28A78 60H05 60J45 60J55 60J67)},
  MRNUMBER = {2604525},
MRREVIEWER = {Ren\'e\ L.\ Schilling},
       DOI = {10.1017/CBO9780511750489},
       URL = {https://doi.org/10.1017/CBO9780511750489},
}

@article {MR2023644,
    AUTHOR = {Alabert, Aureli and Farr\'e, Merc\`e{} and Roy, Rahul},
     TITLE = {Exit times from equilateral triangles},
   JOURNAL = {Appl. Math. Optim.},
  FJOURNAL = {Applied Mathematics and Optimization},
    VOLUME = {49},
      YEAR = {2004},
    NUMBER = {1},
     PAGES = {43--53},
      ISSN = {0095-4616,1432-0606},
   MRCLASS = {60J65 (60G50)},
  MRNUMBER = {2023644},
MRREVIEWER = {Jean-Claude\ Gruet},
       DOI = {10.1007/s00245-003-0779-1},
       URL = {https://doi.org/10.1007/s00245-003-0779-1},
}
