@book {PeresMortersBook,
    AUTHOR = {M\"orters, Peter and Peres, Yuval},
     TITLE = {Brownian motion},
    SERIES = {Cambridge Series in Statistical and Probabilistic Mathematics},
    VOLUME = {30},
      NOTE = {With an appendix by Oded Schramm and Wendelin Werner},
 PUBLISHER = {Cambridge University Press, Cambridge},
      YEAR = {2010},
     PAGES = {xii+403},
      ISBN = {978-0-521-76018-8},
   MRCLASS = {60J65 (28A78 60H05 60J45 60J55 60J67)},
  MRNUMBER = {2604525},
MRREVIEWER = {Ren\'e\ L.\ Schilling},
       DOI = {10.1017/CBO9780511750489},
       URL = {https://doi.org/10.1017/CBO9780511750489},
}

@article {research,
    AUTHOR = {Alabert, Aureli and Farr\'e, Merc\`e{} and Roy, Rahul},
     TITLE = {Exit times from equilateral triangles},
   JOURNAL = {Appl. Math. Optim.},
  FJOURNAL = {Applied Mathematics and Optimization},
    VOLUME = {49},
      YEAR = {2004},
    NUMBER = {1},
     PAGES = {43--53},
      ISSN = {0095-4616,1432-0606},
   MRCLASS = {60J65 (60G50)},
  MRNUMBER = {2023644},
MRREVIEWER = {Jean-Claude\ Gruet},
       DOI = {10.1007/s00245-003-0779-1},
       URL = {https://doi.org/10.1007/s00245-003-0779-1},
}
@book {MR1810041,
    AUTHOR = {Ash, Robert B.},
     TITLE = {Probability and measure theory},
   EDITION = {Second},
      NOTE = {With contributions by Catherine Dol\'eans-Dade},
 PUBLISHER = {Harcourt/Academic Press, Burlington, MA},
      YEAR = {2000},
     PAGES = {xii+516},
      ISBN = {0-12-065202-1},
   MRCLASS = {28-01 (60-01)},
  MRNUMBER = {1810041},
}
@book {MR4201399,
    AUTHOR = {Klenke, Achim},
     TITLE = {Probability theory---a comprehensive course},
    SERIES = {Universitext},
   EDITION = {Third},
 PUBLISHER = {Springer, Cham},
      YEAR = {[2020] \copyright 2020},
     PAGES = {xiv+716},
      ISBN = {978-3-030-56402-5; 978-3-030-56401-8},
   MRCLASS = {60-01 (60Fxx 60Gxx 60H10 60Jxx)},
  MRNUMBER = {4201399},
       DOI = {10.1007/978-3-030-56402-5},
       URL = {https://doi.org/10.1007/978-3-030-56402-5},
}
@book {MR3930614,
    AUTHOR = {Durrett, Rick},
     TITLE = {Probability---theory and examples},
    SERIES = {Cambridge Series in Statistical and Probabilistic Mathematics},
    VOLUME = {49},
   EDITION = {Fifth},
 PUBLISHER = {Cambridge University Press, Cambridge},
      YEAR = {2019},
     PAGES = {xii+419},
      ISBN = {978-1-108-47368-2},
   MRCLASS = {60-01 (37A30)},
  MRNUMBER = {3930614},
       DOI = {10.1017/9781108591034},
       URL = {https://doi.org/10.1017/9781108591034},
}
